@book{allgower2012numerical,
  title={Numerical continuation methods: an introduction},
  author={Allgower, Eugene L and Georg, Kurt},
  volume={13},
  year={2012},
  publisher={Springer Science \& Business Media}
}

@article{anderson1982reverse,
  title={Reverse-time diffusion equation models},
  author={Anderson, Brian DO},
  journal={Stochastic Processes and their Applications},
  volume={12},
  number={3},
  pages={313--326},
  year={1982},
  publisher={Elsevier}
}

@inproceedings{behrmann2019invertible,
  title={Invertible residual networks},
  author={Behrmann, Jens and Grathwohl, Will and Chen, Ricky TQ and Duvenaud, David and Jacobsen, J{\"o}rn-Henrik},
  booktitle={International Conference on Machine Learning},
  pages={573--582},
  year={2019},
  organization={PMLR}
}

@article{bordes2017learning,
  title={Learning to generate samples from noise through infusion training},
  author={Bordes, Florian and Honari, Sina and Vincent, Pascal},
  journal={arXiv preprint arXiv:1703.06975},
  year={2017}
}

@article{brock2018large,
  title={Large scale GAN training for high fidelity natural image synthesis},
  author={Brock, Andrew and Donahue, Jeff and Simonyan, Karen},
  journal={arXiv preprint arXiv:1809.11096},
  year={2018}
}


@inproceedings{cai2020learning,
  title={Learning gradient fields for shape generation},
  author={Cai, Ruojin and Yang, Guandao and Averbuch-Elor, Hadar and Hao, Zekun and Belongie, Serge and Snavely, Noah and Hariharan, Bharath},
  booktitle={Computer Vision--ECCV 2020: 16th European Conference, Glasgow, UK, August 23--28, 2020, Proceedings, Part III 16},
  pages={364--381},
  year={2020},
  organization={Springer}
}


@article{chen2020wavegrad,
  title={Wavegrad: Estimating gradients for waveform generation},
  author={Chen, Nanxin and Zhang, Yu and Zen, Heiga and Weiss, Ron J and Norouzi, Mohammad and Chan, William},
  journal={arXiv preprint arXiv:2009.00713},
  year={2020}
}


@article{chen2018neural,
  title={Neural ordinary differential equations},
  author={Chen, Ricky TQ and Rubanova, Yulia and Bettencourt, Jesse and Duvenaud, David K},
  journal={Advances in neural information processing systems},
  volume={31},
  year={2018}
}

@article{chen2019residual,
  title={Residual flows for invertible generative modeling},
  author={Chen, Ricky TQ and Behrmann, Jens and Duvenaud, David K and Jacobsen, J{\"o}rn-Henrik},
  journal={Advances in Neural Information Processing Systems},
  volume={32},
  year={2019}
}


@article{dinh2016density,
  title={Density estimation using real nvp},
  author={Dinh, Laurent and Sohl-Dickstein, Jascha and Bengio, Samy},
  journal={arXiv preprint arXiv:1605.08803},
  year={2016}
}


@article{dormand1980family,
  title={A family of embedded Runge-Kutta formulae},
  author={Dormand, John R and Prince, Peter J},
  journal={Journal of computational and applied mathematics},
  volume={6},
  number={1},
  pages={19--26},
  year={1980},
  publisher={Elsevier}
}


@article{du2019implicit,
  title={Implicit generation and modeling with energy based models},
  author={Du, Yilun and Mordatch, Igor},
  journal={Advances in Neural Information Processing Systems},
  volume={32},
  year={2019}
}


@article{efron2011tweedie,
  title={Tweedieâ€™s formula and selection bias},
  author={Efron, Bradley},
  journal={Journal of the American Statistical Association},
  volume={106},
  number={496},
  pages={1602--1614},
  year={2011},
  publisher={Taylor \& Francis}
}


@article{goodfellow2020generative,
  title={Generative adversarial networks},
  author={Goodfellow, Ian and Pouget-Abadie, Jean and Mirza, Mehdi and Xu, Bing and Warde-Farley, David and Ozair, Sherjil and Courville, Aaron and Bengio, Yoshua},
  journal={Communications of the ACM},
  volume={63},
  number={11},
  pages={139--144},
  year={2020},
  publisher={ACM New York, NY, USA}
}


@inproceedings{goyal2017variational,
  title={Variational walkback: learning a transition operator as a stochastic recurrent net},
  author={Goyal, Anirudh and Ke, Nan Rosemary and Ganguli, Surya and Bengio, Yoshua},
  booktitle={Proceedings of the 31st International Conference on Neural Information Processing Systems},
  pages={4395--4405},
  year={2017}
}

@article{grathwohl2018ffjord,
  title={Ffjord: Free-form continuous dynamics for scalable reversible generative models},
  author={Grathwohl, Will and Chen, Ricky TQ and Bettencourt, Jesse and Sutskever, Ilya and Duvenaud, David},
  journal={arXiv preprint arXiv:1810.01367},
  year={2018}
}


@article{grenander1994representations,
  title={Representations of knowledge in complex systems},
  author={Grenander, Ulf and Miller, Michael I},
  journal={Journal of the Royal Statistical Society: Series B (Methodological)},
  volume={56},
  number={4},
  pages={549--581},
  year={1994},
  publisher={Wiley Online Library}
}


@inproceedings{ho2019flow++,
  title={Flow++: Improving flow-based generative models with variational dequantization and architecture design},
  author={Ho, Jonathan and Chen, Xi and Srinivas, Aravind and Duan, Yan and Abbeel, Pieter},
  booktitle={International Conference on Machine Learning},
  pages={2722--2730},
  year={2019},
  organization={PMLR}
}


@article{ho2020denoising,
  title={Denoising diffusion probabilistic models},
  author={Ho, Jonathan and Jain, Ajay and Abbeel, Pieter},
  journal={Advances in Neural Information Processing Systems},
  volume={33},
  pages={6840--6851},
  year={2020}
}


@article{hutchinson1989stochastic,
  title={A stochastic estimator of the trace of the influence matrix for Laplacian smoothing splines},
  author={Hutchinson, Michael F},
  journal={Communications in Statistics-Simulation and Computation},
  volume={18},
  number={3},
  pages={1059--1076},
  year={1989},
  publisher={Taylor \& Francis}
}


@article{hyvarinen2005estimation,
  title={Estimation of non-normalized statistical models by score matching.},
  author={Hyv{\"a}rinen, Aapo and Dayan, Peter},
  journal={Journal of Machine Learning Research},
  volume={6},
  number={4},
  year={2005}
}


@article{jolicoeur2020adversarial,
  title={Adversarial score matching and improved sampling for image generation},
  author={Jolicoeur-Martineau, Alexia and Pich{\'e}-Taillefer, R{\'e}mi and Combes, R{\'e}mi Tachet des and Mitliagkas, Ioannis},
  journal={arXiv preprint arXiv:2009.05475},
  year={2020}
}


@inproceedings{karras2018progressive,
  title={Progressive Growing of GANs for Improved Quality, Stability, and Variation},
  author={Karras, Tero and Aila, Timo and Laine, Samuli and Lehtinen, Jaakko},
  booktitle={International Conference on Learning Representations},
  year={2018}
}


@inproceedings{karras2019style,
  title={A style-based generator architecture for generative adversarial networks},
  author={Karras, Tero and Laine, Samuli and Aila, Timo},
  booktitle={Proceedings of the IEEE/CVF conference on computer vision and pattern recognition},
  pages={4401--4410},
  year={2019}
}

@article{karras2020training,
  title={Training generative adversarial networks with limited data},
  author={Karras, Tero and Aittala, Miika and Hellsten, Janne and Laine, Samuli and Lehtinen, Jaakko and Aila, Timo},
  journal={Advances in neural information processing systems},
  volume={33},
  pages={12104--12114},
  year={2020}
}


@inproceedings{karras2020analyzing,
  title={Analyzing and improving the image quality of stylegan},
  author={Karras, Tero and Laine, Samuli and Aittala, Miika and Hellsten, Janne and Lehtinen, Jaakko and Aila, Timo},
  booktitle={Proceedings of the IEEE/CVF conference on computer vision and pattern recognition},
  pages={8110--8119},
  year={2020}
}

@article{kingma2018glow,
  title={Glow: Generative flow with invertible 1x1 convolutions},
  author={Kingma, Durk P and Dhariwal, Prafulla},
  journal={Advances in neural information processing systems},
  volume={31},
  year={2018}
}


@article{kong2020diffwave,
  title={Diffwave: A versatile diffusion model for audio synthesis},
  author={Kong, Zhifeng and Ping, Wei and Huang, Jiaji and Zhao, Kexin and Catanzaro, Bryan},
  journal={arXiv preprint arXiv:2009.09761},
  year={2020}
}


@article{krizhevsky2009learning,
  title={Learning multiple layers of features from tiny images},
  author={Krizhevsky, Alex and Hinton, Geoffrey and others},
  year={2009},
  publisher={Toronto, ON, Canada}
}


@inproceedings{liu2015deep,
  title={Deep learning face attributes in the wild},
  author={Liu, Ziwei and Luo, Ping and Wang, Xiaogang and Tang, Xiaoou},
  booktitle={Proceedings of the IEEE international conference on computer vision},
  pages={3730--3738},
  year={2015}
}


@article{maoutsa2020interacting,
  title={Interacting particle solutions of Fokker-Planck equations through gradient-log-density estimation},
  author={Maoutsa, Dimitra and Reich, Sebastian and Opper, Manfred},
  journal={arXiv preprint arXiv:2006.00702},
  year={2020}
}


@article{neal2011mcmc,
  title={MCMC using Hamiltonian dynamics},
  author={Neal, Radford M and others},
  journal={Handbook of markov chain monte carlo},
  volume={2},
  number={11},
  pages={2},
  year={2011},
  publisher={Chapman and Hall/CRC}
}


@inproceedings{niu2020permutation,
  title={Permutation invariant graph generation via score-based generative modeling},
  author={Niu, Chenhao and Song, Yang and Song, Jiaming and Zhao, Shengjia and Grover, Aditya and Ermon, Stefano},
  booktitle={International Conference on Artificial Intelligence and Statistics},
  pages={4474--4484},
  year={2020},
  organization={PMLR}
}


@misc{oksendal2003stochastic,
  title={Stochastic differential equations, Stochastic differential equations},
  author={{\O}ksendal, Bernt},
  year={2003},
  publisher={Springer}
}

@article{pang2020efficient,
  title={Efficient learning of generative models via finite-difference score matching},
  author={Pang, Tianyu and Xu, Kun and Li, Chongxuan and Song, Yang and Ermon, Stefano and Zhu, Jun},
  journal={Advances in Neural Information Processing Systems},
  volume={33},
  pages={19175--19188},
  year={2020}
}

@article{parisi1981correlation,
  title={Correlation functions and computer simulations},
  author={Parisi, Giorgio},
  journal={Nuclear Physics B},
  volume={180},
  number={3},
  pages={378--384},
  year={1981},
  publisher={Elsevier}
}

@article{razavi2019generating,
  title={Generating diverse high-fidelity images with vq-vae-2},
  author={Razavi, Ali and Van den Oord, Aaron and Vinyals, Oriol},
  journal={Advances in neural information processing systems},
  volume={32},
  year={2019}
}

@inproceedings{roeder2021linear,
  title={On linear identifiability of learned representations},
  author={Roeder, Geoffrey and Metz, Luke and Kingma, Durk},
  booktitle={International Conference on Machine Learning},
  pages={9030--9039},
  year={2021},
  organization={PMLR}
}

@book{sarkka2019applied,
  title={Applied stochastic differential equations},
  author={S{\"a}rkk{\"a}, Simo and Solin, Arno},
  volume={10},
  year={2019},
  publisher={Cambridge University Press}
}

@article{skilling1989eigenvalues,
  title={The eigenvalues of mega-dimensional matrices},
  author={Skilling, John},
  journal={Maximum Entropy and Bayesian Methods: Cambridge, England, 1988},
  pages={455--466},
  year={1989},
  publisher={Springer}
}

@inproceedings{sohl2015deep,
  title={Deep unsupervised learning using nonequilibrium thermodynamics},
  author={Sohl-Dickstein, Jascha and Weiss, Eric and Maheswaranathan, Niru and Ganguli, Surya},
  booktitle={International Conference on Machine Learning},
  pages={2256--2265},
  year={2015},
  organization={PMLR}
}


@article{song2019generative,
  title={Generative modeling by estimating gradients of the data distribution},
  author={Song, Yang and Ermon, Stefano},
  journal={Advances in neural information processing systems},
  volume={32},
  year={2019}
}

@article{song2020improved,
  title={Improved techniques for training score-based generative models},
  author={Song, Yang and Ermon, Stefano},
  journal={Advances in neural information processing systems},
  volume={33},
  pages={12438--12448},
  year={2020}
}


@inproceedings{song2020sliced,
  title={Sliced score matching: A scalable approach to density and score estimation},
  author={Song, Yang and Garg, Sahaj and Shi, Jiaxin and Ermon, Stefano},
  booktitle={Uncertainty in Artificial Intelligence},
  pages={574--584},
  year={2020},
  organization={PMLR}
}


@article{song2019mintnet,
  title={Mintnet: Building invertible neural networks with masked convolutions},
  author={Song, Yang and Meng, Chenlin and Ermon, Stefano},
  journal={Advances in Neural Information Processing Systems},
  volume={32},
  year={2019}
}

@article{tancik2020fourier,
  title={Fourier features let networks learn high frequency functions in low dimensional domains},
  author={Tancik, Matthew and Srinivasan, Pratul and Mildenhall, Ben and Fridovich-Keil, Sara and Raghavan, Nithin and Singhal, Utkarsh and Ramamoorthi, Ravi and Barron, Jonathan and Ng, Ren},
  journal={Advances in Neural Information Processing Systems},
  volume={33},
  pages={7537--7547},
  year={2020}
}

@article{vincent2011connection,
  title={A connection between score matching and denoising autoencoders},
  author={Vincent, Pascal},
  journal={Neural computation},
  volume={23},
  number={7},
  pages={1661--1674},
  year={2011},
  publisher={MIT Press}
}

@article{yu2015lsun,
  title={Lsun: Construction of a large-scale image dataset using deep learning with humans in the loop},
  author={Yu, Fisher and Seff, Ari and Zhang, Yinda and Song, Shuran and Funkhouser, Thomas and Xiao, Jianxiong},
  journal={arXiv preprint arXiv:1506.03365},
  year={2015}
}

@article{zagoruyko2016wide,
  title={Wide residual networks},
  author={Zagoruyko, Sergey and Komodakis, Nikos},
  journal={arXiv preprint arXiv:1605.07146},
  year={2016}
}


@inproceedings{zhang2019making,
  title={Making convolutional networks shift-invariant again},
  author={Zhang, Richard},
  booktitle={International conference on machine learning},
  pages={7324--7334},
  year={2019},
  organization={PMLR}
}